@misc{niel_chang,
    note = {M. A. Nielsen and I. L. Chuang, Quantum Computation and Quantum Information: 10th Anniversary Edition. Cambridge: Cambridge University Press, 2010. 
}
}

@misc{feyn,
    note = {R. P. Feynman, “Simulating physics with computers,” International Journal of Theoretical Physics, vol. 21, no. 6–7, pp. 467–488, Jun. 1982, doi: https://doi.org/10.1007/bf02650179.
}
}

@misc{brief,
    note = {Q.-T. Q. Encyclopedia, “A Brief History of Quantum Computing,” Medium, Apr. 02, 2023. https://quantumpedia.uk/a-brief-history-of-quantum-computing-e0bbd05893d0
}
}

@misc{eniac,
    note = {P. A. Freiberger and M. R. Swaine, “ENIAC | computer,” Encyclopædia Britannica. Oct. 26, 2018. Available: https://www.britannica.com/technology/ENIAC
}
}

@misc{harvard,
    note = {F. Bova, A. Goldfarb, and R. Melko, “Quantum Computing Is Coming. What Can It Do?,” Harvard Business Review, Jul. 16, 2021. https://hbr.org/2021/07/quantum-computing-is-coming-what-can-it-do
}
}

@misc{eins,
    note = {
        Albert Einstein (1906), Annalen der Physik 20, 627–633.
    }
}

@misc{newt,
    note = {
        Newton, Isaac, Andrew Motte, and N. W Chittenden. Newton's Principia. The mathematical principles of natural philosophy
    }
}

@misc{quanttelep,
    note = {
        Teleporting an unknown quantum state via dual classical and Einstein-Podolsky-Rosen channels
Charles H. Bennett, Gilles Brassard, Claude Crépeau, Richard Jozsa, Asher Peres, and William K. Wootters
Phys. Rev. Lett. 70, 1895 – Published 29 March 1993
    }
}

@misc{googleqsim,
    note = {https://quantumai.google/qsim}
}

@misc{intelqsim,
    note = {https://arxiv.org/abs/2001.10554}
}

@misc{ibmqsim,
    note = {https://quantum.ibm.com}
}

@misc{openqsim,
    note = {https://github.com/Strilanc/Quirk}
}

@misc{NIST, note = {https://www.nist.gov/news-events/news/2022/07/nist-announces-first-four-quantum-resistant-cryptographic-algorithms}}

@misc{Forbes, note = {https://www.forbes.com/sites/stevemcdowell/2023/12/05/ibm-advances-quantum-computing-with-new-processors--platforms/}}

@article{quantum-medicine-diagnosis,
    author = {Solenov D, Brieler J, Scherrer JF},
    title = {The Potential of Quantum Computing and Machine Learning to Advance Clinical Research and Change the Practice of Medicine},
    journal = {Mo Med},
    year = {2018}
}

@ARTICLE{quantum-medicine-drugs,
  author={Cao, Y. and Romero, J. and Aspuru-Guzik, A.},
  journal={IBM Journal of Research and Development}, 
  title={Potential of quantum computing for drug discovery}, 
  year={2018},
  volume={62},
  number={6},
  pages={6:1-6:20},
  keywords={Quantum computing;Drugs;Proteins;Computers;Machine learning;Computational modeling},
  doi={10.1147/JRD.2018.2888987}}

@article{quantum-ai,
    author = {Moret-Bonillo, V},
    title = { Can artificial intelligence benefit from quantum computing?},
    journal = {Progress in Artificial Intelligence},
    year = {2015}
}

@misc{kronecker,
    note = {Taboga, Marco (2021). "Kronecker product", Lectures on matrix algebra. https://www.statlect.com/matrix-algebra/Kronecker-product}
}
